<?xml version="1.0" encoding="UTF-8"?><collection xmlns="http://www.loc.gov/MARC21/slim"><record><leader>00381nam--2200145-i-4500</leader><controlfield tag="001">000014538</controlfield><controlfield tag="002">20161230</controlfield><controlfield tag="005">20161230201030</controlfield><controlfield tag="008">060222s1000------------r-----000-0-eng-d</controlfield><datafield ind1=" " ind2=" " tag="245"><subfield code="a">Progress in modelling and simulation</subfield></datafield><datafield ind1=" " ind2=" " tag="260"><subfield code="a">London, Academic Press, 1982</subfield></datafield><datafield ind1=" " ind2=" " tag="490"><subfield code="a">Viii + 466 P</subfield></datafield><datafield ind1=" " ind2=" " tag="700"><subfield code="a">Cellier, Francois E</subfield></datafield><datafield ind1=" " ind2=" " tag="852"><subfield code="a">71377</subfield><subfield code="c">517.2/3</subfield></datafield><datafield ind1=" " ind2=" " tag="CAT"><subfield code="a">Sys</subfield><subfield code="c">20080722</subfield><subfield code="h">083209</subfield></datafield></record></collection>